% This file was created with JabRef 2.9.1.
% Encoding: UTF8

@STRING{AAS = {Annals of Applied Statistics}}

@STRING{ANS = {Annals of Statistics}}

@STRING{BA = {Bayesian Analysis}}

@STRING{BIMJ = {Biometrical Journal}}

@STRING{BMA = {Biometrika}}

@STRING{BMJ = {British Medical Journal}}

@STRING{BMS = {Biometrics}}

@STRING{CJS = {The Canadian Journal of Statistics}}

@STRING{CSDA = {Computational Statistics and Data Analysis}}

@STRING{JASA = {Journal of the American Statistical Association}}

@STRING{JCGS = {Journal of Computational and Graphical Statistics}}

@STRING{JRSI = {Journal of the Royal Society Interface}}

@STRING{JRSSA = {Journal of the Royal Statistical Society. Series A (Statistics in
	Society)}}

@STRING{JRSSAG = {Journal of the Royal Statistical Society. Series A (General)}}

@STRING{JRSSB = {Journal of the Royal Statistical Society. Series B (Methodological)}}

@STRING{JRSSC = {Journal of the Royal Statistical Society. Series C (Applied Statistics)}}

@STRING{JRSSD = {Journal of the Royal Statistical Society. Series D (The Statistician)}}

@STRING{JSPI = {Journal of Statistical Planning and Inference}}

@STRING{JSS = {Journal of Statistical Software}}

@STRING{PNAS = {Proceedings of the National Academy of Sciences of the United States
	of America}}

@STRING{SAPL = {Statistics and Probability Letters}}

@STRING{SIM = {Statistics in Medicine}}

@STRING{SJS = {Scandinavian Journal of Statistics}}

@STRING{SKYA = {Sankhyā: The Indian Journal of Statistics}}

@STRING{SKYAA = {Sankhy\={a}: The Indian Journal of Statistics, Series A}}

@STRING{SKYAB = {Sankhyā: The Indian Journal of Statistics, Series B}}

@STRING{SMMR = {Statistical Methods in Medical Research}}

@STRING{STCO = {Statistics and Computing}}

@STRING{STSCI = {Statistical Science}}

@STRING{STSIN = {Statistica Sinica}}

@MANUAL{R:2.15.3,
  title = {\textsf{R}: {A} {L}anguage and {E}nvironment for {S}tatistical {C}omputing},
  author = {{R Core Team}},
  organization = {R Foundation for Statistical Computing},
  address = {Vienna, Austria},
  year = {2013},
  note = {{ISBN} 3-900051-07-0, R version 2.15.3},
  owner = {sebastian},
  timestamp = {2013.03.14},
  url = {http://www.R-project.org/}
}

@comment{jabref-meta: protectedFlag:true;}

