@Article{ Hoehle2007,
	title = "\pkg{RLadyBug} --- An \proglang{R} Package for Stochastic Epidemic Models",
	author = "Michael H{\"o}hle and Ulrike Feldmann",
	journal = "Computational Statistics \& Data Analysis",
	issn = "0167-9473",
	volume = "52",
	number = "2",
	month = oct,
	year = "2007",
	pages = "680--686",
	doi = "10.1016/j.csda.2006.11.016"
}

