#Created by Kbib version 0.6.5
#Last modified: Mon Sep 20 11:34:25 2010

@article{gneiting-raftery-2007,
   author={Tilmann Gneiting and Adrian E. Raftery},
   title={Strictly proper scoring rules, prediction, and estimation},
   journal={Journal of the American Statistical Association},
   year=2007,
   volume={102},
   number=477,
   pages={359--378}
}
  
@Manual{maptools,
  title = {maptools: Tools for reading and handling spatial objects},
  author = {Nicholas J. Lewin-Koh and Roger Bivand and contributions by Edzer J. Pebesma and Eric Archer and Adrian Baddeley and Hans-Jörg Bibiko and Stephane Dray and David Forrest and Michael Friendly and Patrick Giraudoux and Duncan Golicher and Virgilio Gomez Rubio and Patrick Hausmann and Thomas Jagger and Sebastian P. Luque and Don MacQueen and Andrew Niccolai and Tom Short and Ben Stabler},
  year = {2010},
  note = {R package version 0.7-34},
  url = {http://CRAN.R-project.org/package=maptools},
}


@article{czado-etal-2009,
	author = {Claudia Czado and Tilmann Gneiting and Leonhard Held},
	title = {Predictive model assessment for count data},
	journal = {Biometrics},
	year = 2009,
	volume = {65},
	number = 4,
	pages = {1254--1261},
}

@article{held-etal-2006,
	author = {L Held and M Hofmann and M {H\"ohle} and V Schmid},
	title = {A two-component model for counts of infectious diseases},
	journal = {Biostatistics},
	year = 2006,
	volume = {7},
	number = 3,
	pages = {422--437},
}

@article{held-etal-2005,
	author = {Held, Leonhard and H\"ohle, M and Hofmann, M},
	title = {A statistical framework for the analysis of multivariate infectious disease surveillance counts},
	journal = {Statistical Modelling},
	year = 2005,
	volume = {5},
	number = 3,
	pages = {187--199},
}

@article{paul-etal-2008,
	author = {M. Paul and L. Held and A. M. Toschke},
	title = {Multivariate modelling of infectious disease surveillance data},
	journal = {Statistics in Medicine},
	year = 2008,
	volume = {27},
	number = 29,
	pages = {6250--6267},
	doi = {10.1002/sim.3440},

}

@misc{paul-held-2010,
	author = {Paul, M. and Held, L.},
	title = {Predictive assessment of a non-linear random effects model for multivariate time series of infectious disease counts},
	year = 2010,
   note = {Submitted to \textit{Statistics in Medicine}},
}

@article{herzog-etal-2010,
	author = {Herzog ,S. A. and Paul, M. and Held, L.},
	title = {Heterogeneity in vaccination coverage explains the size and occurrence of measles epidemics in {German} surveillance data},
	journal = {Epidemiology and Infection},
	year = 2010,
	note = {doi:10.1017/S0950268810001664},
}

@article{hoehle-2007,
	author = {H{\"o}hle, M},
	title = {Surveillance: an {R} package for the monitoring of infectious diseases},
	journal = {Computational Statistics},
	year = 2007,
	volume = {22},
	number = 4,
	pages = {571-582},

}

@incollection{hoehle-mazick-2010,
	author = {H{\"o}hle, M. and Mazick, A.},
	title = {Aberration detection in {R} illustrated by {Danish} mortality monitoring},
	booktitle = {Biosurveillance: A Health Protection Priority},
	publisher = {CRC Press},
	year = 2010,
	editor = {Kass-Hout, T. and Zhang, X},

}

@misc{vignette,
	author = {M. {H{\"o}hle} and A. {Riebler} and M. {Paul}},
	title = {The {R}-Package 'surveillance'},
	year = 2007,

}

@MISC{survstat-fluByBw,
  author = {{Robert Koch-Institut}},
  title = {{SurvStat@RKI}},
  howpublished = {\url{http://www3.rki.de/SurvStat}},
  year = {2009},
  note = {Accessed March 2009},
}

