@BOOK{andersson2000,
  title = {Stochastic Epidemic Models and their Statistical Analysis},
  publisher = {Springer-Verlag},
  year = {2000},
  author = {H. {Andersson} and T. {Britton}},
  volume = {151},
  series = {Springer Lectures Notes in Statistics},
}

@MastersThesis{riebler2004,
  author = {A. {Riebler}},
  title = {{Empirischer Vergleich von statistischen Methoden zur Ausbruchserkennung bei Surveillance Daten}},
  year = {2004},
  type = {Bachelor's thesis},
  school = {Department of Statistics, University of Munich},
}



@UNPUBLISHED{altmann2003,
  author = {D. {Altmann}},
  title = {{The Surveillance System of the Robert Koch Institute, Germany}},
  note = {Personal Communication},
  year = {2003},
}


@MISC{bulletin3901,
  author = {{Robert Koch Institute}},
  title = {{Epidemiologisches Bulletin 39}},
  howpublished = {Available from http://www.rki.de},
  year = {2001},
}

@MISC{survstat,
  author = {{Robert Koch-Institut}},
  title = {{SurvStat@RKI}},
  howpublished = {http://www3.rki.de/SurvStat},
  year = {2004},
  note = {Date of query: September 2004},
}


@ARTICLE{hutwagner2005,
  author = {L. {Hutwagner} and T. {Browne} and G.M {Seeman} and A.T. {Fleischhauer}},
  title = {Comparing Abberration Detection Methods with Simulated Data},
  journal = {Emerging Infectious Diseases},
  year = {2005},
  volume = {11},
  pages = {314--316},
}

@INCOLLECTION{farrington2003,
  title = {{O}utbreak {D}etection: {A}pplication to {I}nfectious {D}isease {S}urveillance},
  author = {Paddy Farrington and Nick Andrews},
  booktitle = {Monitoring the Health of Populations},
  publisher = {Oxford University Press},
  year = {2003},
  chapter = {8},
  editor = {Ron Brookmeyer and Donna F. Stroup},
  pages = {203--231}
}

@ARTICLE{stroup89,
  author = {D.F. {Stroup} and G.D. {Williamson} and J.L. {Herndon} and J.M. {Karon}},
  title = {Detection of Aberrations in the Occurrence of Notifiable Diseases Surveillance Data},
  journal = {Statistics in Medicine},
  year = {1989},
  volume = {8},
  pages = {323--329},
  doi = {10.1002/sim.4780080312}
}


@Article{farrington96,
  author = 	  {C. P. {Farrington} and N. J. {Andrews} and A. D. {Beale} and M. A. {Catchpole}},
  title = 	  {A Statistical Algorithm for the Early Detection of Outbreaks of Infectious Disease},
  journal =   {Journal of the Royal Statistical Society. Series A (Statistics in Society)},
  year = 	    {1996},
  volume = 	  {159},  
  pages = 	  {547--563},
}

@Article{hoehle.paul2008,
  Title                    = {Count Data Regression Charts for the Monitoring of Surveillance Time Series},
  Author                   = {Michael H{\"o}hle and Michaela Paul},
  Journal                  = {Computational Statistics and Data Analysis},
  Pages                    = {4357--4368},
  Volume                   = {52},
  Year                     = {2008},
  Number                   = {9},
  doi                      = {10.1016/j.csda.2008.02.015}
}

@ARTICLE{lai95,
  author = {T. L. {Lai}},
  title = {Sequential Changepoint Detection in Quality Control and Dynamical Systems},
  journal = {Journal of the Royal Statistical Society. Series B (Methodological)},
  year = {1995},
  volume = {57},
  pages = {613--658},
  number = {4},
}

  
@article{gneiting-raftery-2007,
   author={Tilmann Gneiting and Adrian E. Raftery},
   title={Strictly Proper Scoring Rules, Prediction, and Estimation},
   journal={Journal of the American Statistical Association},
   year=2007,
   volume={102},
   number=477,
   pages={359--378}
}

@article{czado-etal-2009,
	author = {Claudia Czado and Tilmann Gneiting and Leonhard Held},
	title = {Predictive Model Assessment for Count Data},
	journal = {Biometrics},
	year = 2009,
	volume = {65},
	number = 4,
	pages = {1254--1261},
}

@article{held-etal-2005,
	author = {Held, Leonhard and H\"ohle, Michael and Hofmann, Mathias},
	title = {A Statistical Framework for the Analysis of Multivariate Infectious Disease Surveillance Counts},
	journal = {Statistical Modelling},
	year = 2005,
	volume = {5},
	number = 3,
	pages = {187--199},
	doi = {10.1191/1471082X05st098oa}
}

@article{paul-etal-2008,
	author = {M. Paul and L. Held and A. M. Toschke},
	title = {Multivariate Modelling of Infectious Disease Surveillance Data},
	journal = {Statistics in Medicine},
	year = 2008,
	volume = {27},
	number = 29,
	pages = {6250--6267},
	doi = {10.1002/sim.3440},

}

@article{paul-held-2011,
	author={Paul, M. and Held, L.},
	title={Predictive Assessment of a Non-Linear Random Effects Model for Multivariate Time Series of Infectious Disease Counts},
	journal={Statistics in Medicine},
	volume = {30},
	number = 10,
	pages = {1118--1136},
	year=2011,
	doi={10.1002/sim.4177},
}

@article{herzog-etal-2010,
	author = {Herzog, S. A. and Paul, M. and Held, L.},
	title = {Heterogeneity in Vaccination Coverage Explains the Size and Occurrence of Measles Epidemics in {German} Surveillance Data},
	journal = {Epidemiology and Infection},
	year = 2011,
	volume = {139},
	issue = 4,
	pages = {505--515},
	doi={10.1017/S0950268810001664}
}

@article{hoehle-2007,
	author = {H{\"o}hle, M.},
	title = {\texttt{surveillance}: An \textsf{R} Package for the Monitoring of Infectious Diseases},
	journal = {Computational Statistics},
	year = 2007,
	volume = {22},
	number = 4,
	pages = {571--582},
	doi = {10.1007/s00180-007-0074-8}
}

@incollection{hoehle-mazick-2010,
	author = {H{\"o}hle, M. and Mazick, A.},
	title = {Aberration Detection in \textsf{R} Illustrated by {Danish} Mortality Monitoring},
	booktitle = {Biosurveillance: Methods and Case Studies},
	publisher = {CRC Press},
	year = 2010,
	editor = {Kass-Hout, T. and Zhang, X.},
	chapter = {12},
	pages = {215--238}
}

@MISC{survstat-fluByBw,
  author = {{Robert Koch-Institut}},
  title = {{SurvStat@RKI}},
  howpublished = {\url{http://www3.rki.de/SurvStat}},
  year = {2009},
  note = {Accessed March 2009},
}


@Article{held.paul2012,
  Title                    = {Modeling Seasonality in Space-Time Infectious Disease Surveillance Data},
  Author                   = {Held, Leonhard and Paul, Michaela},
  Journal                  = {Biometrical Journal},
  Pages                    = {824--843},
  Volume                   = {54},
  Year                     = {2012},
  Number                   = {6},
  Doi                      = {10.1002/bimj.201200037}
}

@Article{meyer.held2013,
  Title                    = {Power-Law Models for Infectious Disease Spread},
  Author                   = {Meyer, Sebastian and Held, Leonhard},
  Journal                  = {Annals of Applied Statistics},
  Pages                    = {1612--1639},
  Volume                   = {8},
  Year                     = {2014},
  Number                   = {3},
  Doi                      = {10.1214/14-AOAS743},
  Eprint                   = {http://arxiv.org/abs/1308.5115}
}

@Article{salmon.etal2014,
  Title                    = {Monitoring Count Time Series in \textsf{R}: {A}berration Detection in Public Health Surveillance},
  Author                   = {Ma\"{e}lle Salmon and Dirk Schumacher and Michael H\"{o}hle},
  Journal                  = {Journal of Statistical Software},
  Year                     = {2016},
  Pages                    = {1--35},
  Volume                   = {70},
  Number                   = {10},
  Doi                      = {10.18637/jss.v070.i10}
}

@Article{meyer.etal2014,
  Title                    = {{S}patio-{T}emporal {A}nalysis of {E}pidemic {P}henomena {U}sing the \textsf{R} {P}ackage \texttt{surveillance}},
  Author                   = {Sebastian Meyer and Leonhard Held and Michael H{\"o}hle},
  Journal                  = {Journal of Statistical Software},
  Pages                    = {1--55},
  Volume                   = {77},
  Year                     = {2017},
  Number                   = {11},
  Doi                      = {10.18637/jss.v077.i11}
}


@Article{meyer.etal2011,
  Title                    = {A Space-Time Conditional Intensity Model for Invasive Meningococcal Disease Occurrence},
  Author                   = {Meyer, Sebastian and Elias, Johannes and H\"ohle, Michael},
  Journal                  = {Biometrics},
  Pages                    = {607--616},
  Volume                   = {68},
  Year                     = {2012},
  Number                   = {2},
  Doi                      = {10.1111/j.1541-0420.2011.01684.x},
  Eprint                   = {http://arxiv.org/abs/1508.05740}
}

@Article{meyer.etal2015,
  Title                    = {Model-Based Testing for Space-Time Interaction Using Point Processes: {A}n Application to Psychiatric Hospital Admissions in an Urban Area},
  Author                   = {Sebastian Meyer and Ingeborg Warnke and Wulf R\"ossler and Leonhard Held},
  Journal                  = {Spatial and Spatio-temporal Epidemiology},
  Pages                    = {15--25},
  Volume                   = {17},
  Year                     = {2016},
  Doi                      = {10.1016/j.sste.2016.03.002},
  Eprint                   = {http://arxiv.org/abs/1512.09052}
}

@Book{Daley.Vere-Jones2003,
  Title                    = {{A}n {I}ntroduction to the {T}heory of {P}oint {P}rocesses},
  Author                   = {Daley, Daryl J. and Vere-Jones, David},
  Editor                   = {Gani, Joseph M. and Heyde, Christopher C. and Kurtz, Thomas G.},
  Publisher                = {Springer-Verlag},
  Year                     = {2003},
  Address                  = {New York},
  Edition                  = {2nd},
  ISBN                     = {0-387-95541-0},
  Series                   = {Probability and its Applications},
  Volume                   = {I: Elementary Theory and Methods}
}

@Book{Keeling.Rohani2008,
  Title                    = {{M}odeling {I}nfectious {D}iseases in {H}umans and {A}nimals},
  Author                   = {Matt J. Keeling and Pejman Rohani},
  Publisher                = {Princeton University Press},
  Year                     = {2008},
  Url                      = {http://www.modelinginfectiousdiseases.org/}
}

@Article{sommariva.vianello2007,
  Title                    = {Product {G}auss Cubature Over Polygons Based on {G}reen's Integration Formula},
  Author                   = {Alvise Sommariva and Marco Vianello},
  Journal                  = {Bit Numerical Mathematics},
  Pages                    = {441--453},
  Volume                   = {47},
  Year                     = {2007},
  Number                   = {2},
  Doi                      = {10.1007/s10543-007-0131-2}
}

@Article{ogata1988,
  Title                    = {Statistical Models for Earthquake Occurrences and Residual Analysis for Point Processes},
  Author                   = {Yosihiko Ogata},
  Journal                  = {Journal of the American Statistical Association},
  Pages                    = {9--27},
  Volume                   = {83},
  Year                     = {1988},
  Number                   = {401},
  Url                      = {http://www.jstor.org/stable/2288914}
}


@Article{hoehle2009,
  Title                    = {Additive-Multiplicative Regression Models for Spatio-Temporal Epidemics},
  Author                   = {Michael H\"ohle},
  Journal                  = {Biometrical Journal},
  Pages                    = {961--978},
  Volume                   = {51},
  Year                     = {2009},
  Number                   = {6},
  Doi                      = {10.1002/bimj.200900050}
}

@Book{Fahrmeir.etal2013,
  Title                    = {{R}egression: {M}odels, {M}ethods and {A}pplications},
  Author                   = {Ludwig Fahrmeir and Thomas Kneib and Stefan Lang and Brian Marx},
  Publisher                = {Springer-Verlag},
  Year                     = {2013},
  ISBN                     = {978-3-642-34332-2},
  Doi                      = {10.1007/978-3-642-34333-9}
}

@Book{Martinussen.Scheike2006,
  Title                    = {{D}ynamic {R}egression {M}odels for {S}urvival {D}ata},
  Author                   = {Martinussen, Torben and Scheike, Thomas H.},
  Publisher                = {Springer-Verlag},
  Year                     = {2006},
  Series                   = {Statistics for Biology and Health}
}

@Article{neal.roberts2004,
  Title                    = {Statistical Inference and Model Selection for the 1861~{H}agelloch Measles Epidemic},
  Author                   = {Neal, P. J. and Roberts, G. O.},
  Journal                  = {Biostatistics},
  Pages                    = {249--261},
  Volume                   = {5},
  Year                     = {2004},
  Number                   = {2},
  Doi                      = {10.1093/biostatistics/5.2.249}
}

@Article{hughes.king2003,
  Title                    = {Model Selection Using {AIC} in the Presence of One-Sided Information},
  Author                   = {Anthony W. Hughes and Maxwell L. King},
  Journal                  = {Journal of Statistical Planning and Inference},
  Pages                    = {397--411},
  Volume                   = {115},
  Year                     = {2003},
  Number                   = {2},
  Doi                      = {10.1016/S0378-3758(02)00159-3}
}

@Book{Silvapulle.Sen2005,
  Title                    = {{C}onstrained {S}tatistical {I}nference: {O}rder, {I}nequality, and {S}hape {C}onstraints},
  Author                   = {Silvapulle, Mervyn J. and Sen, Pranab Kumar},
  Publisher                = {Wiley},
  Year                     = {2005},
  ISBN                     = {0-471-20827-2},
  Series                   = {Wiley Series in Probability and Statistics},
  Doi                      = {10.1002/9781118165614}
}


@Article{geilhufe.etal2012,
  Title                    = {Power Law Approximations of Movement Network Data for Modeling Infectious Disease Spread},
  Author                   = {Marc Geilhufe and Leonhard Held and Stein Olav Skr{\o}vseth and Gunnar S. Simonsen and Fred Godtliebsen},
  Journal                  = {Biometrical Journal},
  Pages                    = {363--382},
  Volume                   = {56},
  Year                     = {2014},
  Number                   = {3},
  Doi                      = {10.1002/bimj.201200262}
}

@Article{wei.held2013,
  Title                    = {Calibration Tests for Count Data},
  Author                   = {Wei, Wei and Held, Leonhard},
  Journal                  = {Test},
  Pages                    = {787--805},
  Volume                   = {23},
  Year                     = {2014},
  Number                   = {4},
  Doi                      = {10.1007/s11749-014-0380-8}
}

@Article{meyer.held2015,
  Title                    = {{I}ncorporating {S}ocial {C}ontact {D}ata in {S}patio-{T}emporal {M}odels for {I}nfectious {D}isease {S}pread},
  Author                   = {Sebastian Meyer and Leonhard Held},
  Journal                  = {Biostatistics},
  Pages                    = {338--351},
  Volume                   = {18},
  Year                     = {2017},
  Number                   = {2},
  Doi                      = {10.1093/biostatistics/kxw051}
}
